<?xml version="1.0" encoding="UTF-8"?>
<record xmlns="http://www.loc.gov/MARC21/slim" xmlns:xsi="http://www.w3.org/2001/XMLSchema-instance" xsi:schemaLocation="http://www.loc.gov/MARC21/slim http://www.loc.gov/standards/marcxml/schema/MARC21slim.xsd">
<leader>00000cam a22      i 4500</leader>
<controlfield tag="001">001717177</controlfield>
<controlfield tag="003">NNU</controlfield>
<controlfield tag="005">20150709165647.0</controlfield>
<controlfield tag="008">930923s1958    sy       b    000 0 arar</controlfield>
<datafield tag="010" ind1=" " ind2=" ">
<subfield code="a">ne 66000622</subfield>
</datafield>
<datafield tag="035" ind1=" " ind2=" ">
<subfield code="a">(OCoLC)28879441</subfield>
</datafield>
<datafield tag="040" ind1=" " ind2=" ">
<subfield code="a">DLC</subfield>
<subfield code="b">eng</subfield>
<subfield code="c">CUY</subfield>
<subfield code="d">CUY</subfield>
<subfield code="d">OCLCQ</subfield>
<subfield code="d">NNU</subfield>
</datafield>
<datafield tag="050" ind1="0" ind2="0">
<subfield code="a">BP87.5</subfield>
<subfield code="b">.A85 1958</subfield>
</datafield>
<datafield tag="100" ind1="1" ind2=" ">
<subfield code="a">ʻAwwā, ʻĀdil</subfield>
<subfield code="6">880-01</subfield>
<subfield code="e">editor.</subfield>
</datafield>
<datafield tag="245" ind1="1" ind2="0">
<subfield code="6">880-02</subfield>
<subfield code="a">Muntakhabāt Ismāʻīlīyah :</subfield>
<subfield code="b">tunshir li-awwal marrah /</subfield>
<subfield code="c">taḥqīq ʻĀdil al-ʻAwwā.</subfield>
</datafield>
<datafield tag="260" ind1=" " ind2=" ">
<subfield code="6">880-03</subfield>
<subfield code="a">Dimashq :</subfield>
<subfield code="b">Maṭbaʻat al-Jāmiʻah al-Sūrīyah,</subfield>
<subfield code="c">1958.</subfield>
</datafield>
<datafield tag="300" ind1=" " ind2=" ">
<subfield code="a">27, 272 pages ;</subfield>
<subfield code="c">24 cm.</subfield>
</datafield>
<datafield tag="336" ind1=" " ind2=" ">
<subfield code="a">text</subfield>
<subfield code="b">txt</subfield>
<subfield code="2">rdacontent</subfield>
</datafield>
<datafield tag="337" ind1=" " ind2=" ">
<subfield code="a">unmediated</subfield>
<subfield code="b">n</subfield>
<subfield code="2">rdamedia</subfield>
</datafield>
<datafield tag="338" ind1=" " ind2=" ">
<subfield code="a">volume</subfield>
<subfield code="b">nc</subfield>
<subfield code="2">rdacarrier</subfield>
</datafield>
<datafield tag="490" ind1="1" ind2=" ">
<subfield code="6">880-04</subfield>
<subfield code="a">Muqawwimāt al-falsafah al-bāṭinīyah ;</subfield>
<subfield code="v">1</subfield>
</datafield>
<datafield tag="500" ind1=" " ind2=" ">
<subfield code="a">Cover title: Ismāʻili selections from the 4th, 5th, 6th, 7th, &amp; 10th Hijra centuries, edited with introd., notes and indexes by Adel Awa.</subfield>
</datafield>
<datafield tag="504" ind1=" " ind2=" ">
<subfield code="a">Includes bibliographical references (pages 266-268).</subfield>
</datafield>
<datafield tag="650" ind1=" " ind2="0">
<subfield code="a">Ismaili literature (Selections, Extracts, etc.)</subfield>
</datafield>
<datafield tag="776" ind1="0" ind2="8">
<subfield code="i">Online version:</subfield>
<subfield code="a">ʻAwwā, ʻĀdil.</subfield>
<subfield code="t">Muntakhabāt Ismāʻīlīyah.</subfield>
<subfield code="d">Dimashq : Maṭbaʻat al-Jāmiʻah al-Sūrīyah, 1958</subfield>
<subfield code="w">(OCoLC)609744367</subfield>
</datafield>
<datafield tag="880" ind1="1" ind2=" ">
<subfield code="6">100-01/</subfield>
<subfield code="a">عوا، عادل،</subfield>
<subfield code="e">editor.</subfield>
</datafield>
<datafield tag="880" ind1="1" ind2="0">
<subfield code="6">245-02/</subfield>
<subfield code="a">منتخبات اسماعيلية :</subfield>
<subfield code="b">تنشر لاول مرة /</subfield>
<subfield code="c">تحقيق عادل العوا.</subfield>
</datafield>
<datafield tag="880" ind1=" " ind2=" ">
<subfield code="6">260-03/</subfield>
<subfield code="a">دمشق :</subfield>
<subfield code="b">مطبعة الجامعة السورية،</subfield>
<subfield code="c">1958.</subfield>
</datafield>
<datafield tag="880" ind1="1" ind2=" ">
<subfield code="6">490-04/</subfield>
<subfield code="a">مقومات الفلسفة الباطنية ؛</subfield>
<subfield code="v">1</subfield>
</datafield>
<datafield tag="830" ind1=" " ind2="0">
<subfield code="6">880-05</subfield>
<subfield code="a">Muqawwimāt al-falsafah al-bāṭinīyah ;</subfield>
<subfield code="v">1.</subfield>
</datafield>
<datafield tag="880" ind1=" " ind2="0">
<subfield code="6">830-05/</subfield>
<subfield code="a">مقومات الفلسفة الباطنية ؛</subfield>
<subfield code="v">1.</subfield>
</datafield>
<datafield tag="OWN" ind1=" " ind2=" ">
<subfield code="a">GENERAL</subfield>
</datafield>
<datafield tag="AVA" ind1=" " ind2=" ">
<subfield code="a">NYU50</subfield>
<subfield code="b">BOBST</subfield>
<subfield code="c">Main Collection</subfield>
<subfield code="d">BP195.I8 A8</subfield>
<subfield code="e">unavailable</subfield>
<subfield code="t">Unavailable</subfield>
<subfield code="f">1</subfield>
<subfield code="g">1</subfield>
<subfield code="h">N</subfield>
<subfield code="i">0</subfield>
<subfield code="j">MAIN</subfield>
<subfield code="k">0</subfield>
</datafield>
</record>
